%YAML 1.1
%TAG !u! tag:unity3d.com,2011:
--- !u!1 &3119380284779493271
GameObject:
  m_ObjectHideFlags: 0
  m_CorrespondingSourceObject: {fileID: 0}
  m_PrefabInstance: {fileID: 0}
  m_PrefabAsset: {fileID: 0}
  serializedVersion: 6
  m_Component:
  - component: {fileID: 3119380284779493270}
  - component: {fileID: 3119380284779493265}
  m_Layer: 0
  m_Name: Collider18
  m_TagString: Untagged
  m_Icon: {fileID: 0}
  m_NavMeshLayer: 0
  m_StaticEditorFlags: 0
  m_IsActive: 1
--- !u!4 &3119380284779493270
Transform:
  m_ObjectHideFlags: 0
  m_CorrespondingSourceObject: {fileID: 0}
  m_PrefabInstance: {fileID: 0}
  m_PrefabAsset: {fileID: 0}
  m_GameObject: {fileID: 3119380284779493271}
  m_LocalRotation: {x: -0.000000036553587, y: 0.000000070660974, z: -0.8643814, w: -0.5028368}
  m_LocalPosition: {x: -1.2455616, y: -1.1238114, z: -2.0079956}
  m_LocalScale: {x: 0.6700001, y: 0.67000014, z: 0.66999996}
  m_ConstrainProportionsScale: 0
  m_Children: []
  m_Father: {fileID: 3119380285028610741}
  m_RootOrder: 17
  m_LocalEulerAnglesHint: {x: 0, y: 0, z: 0}
--- !u!65 &3119380284779493265
BoxCollider:
  m_ObjectHideFlags: 0
  m_CorrespondingSourceObject: {fileID: 0}
  m_PrefabInstance: {fileID: 0}
  m_PrefabAsset: {fileID: 0}
  m_GameObject: {fileID: 3119380284779493271}
  m_Material: {fileID: 0}
  m_IsTrigger: 0
  m_Enabled: 1
  serializedVersion: 2
  m_Size: {x: 0.26414672, y: 1.050695, z: 4.3737807}
  m_Center: {x: 0, y: -1.1291342, z: -0.75876737}
--- !u!1 &3119380284829162611
GameObject:
  m_ObjectHideFlags: 0
  m_CorrespondingSourceObject: {fileID: 0}
  m_PrefabInstance: {fileID: 0}
  m_PrefabAsset: {fileID: 0}
  serializedVersion: 6
  m_Component:
  - component: {fileID: 3119380284829162610}
  - component: {fileID: 3119380284829162605}
  m_Layer: 0
  m_Name: Collider22
  m_TagString: Untagged
  m_Icon: {fileID: 0}
  m_NavMeshLayer: 0
  m_StaticEditorFlags: 0
  m_IsActive: 1
--- !u!4 &3119380284829162610
Transform:
  m_ObjectHideFlags: 0
  m_CorrespondingSourceObject: {fileID: 0}
  m_PrefabInstance: {fileID: 0}
  m_PrefabAsset: {fileID: 0}
  m_GameObject: {fileID: 3119380284829162611}
  m_LocalRotation: {x: -0.04068384, y: 0.08485932, z: -0.32127535, w: 0.9422982}
  m_LocalPosition: {x: 0.83200073, y: 0.519, z: -3.7949982}
  m_LocalScale: {x: 0.43796164, y: 0.4379617, z: 0.43796167}
  m_ConstrainProportionsScale: 0
  m_Children: []
  m_Father: {fileID: 3119380285028610741}
  m_RootOrder: 21
  m_LocalEulerAnglesHint: {x: -4.6070004, y: 0, z: 0}
--- !u!65 &3119380284829162605
BoxCollider:
  m_ObjectHideFlags: 0
  m_CorrespondingSourceObject: {fileID: 0}
  m_PrefabInstance: {fileID: 0}
  m_PrefabAsset: {fileID: 0}
  m_GameObject: {fileID: 3119380284829162611}
  m_Material: {fileID: 0}
  m_IsTrigger: 0
  m_Enabled: 1
  serializedVersion: 2
  m_Size: {x: 0.14684956, y: 2.9228678, z: 0.5748577}
  m_Center: {x: 0, y: -0.045166373, z: -0.12998867}
--- !u!1 &3119380284930782967
GameObject:
  m_ObjectHideFlags: 0
  m_CorrespondingSourceObject: {fileID: 0}
  m_PrefabInstance: {fileID: 0}
  m_PrefabAsset: {fileID: 0}
  serializedVersion: 6
  m_Component:
  - component: {fileID: 3119380284930782966}
  - component: {fileID: 3119380284930782961}
  m_Layer: 0
  m_Name: Collider20
  m_TagString: Untagged
  m_Icon: {fileID: 0}
  m_NavMeshLayer: 0
  m_StaticEditorFlags: 0
  m_IsActive: 1
--- !u!4 &3119380284930782966
Transform:
  m_ObjectHideFlags: 0
  m_CorrespondingSourceObject: {fileID: 0}
  m_PrefabInstance: {fileID: 0}
  m_PrefabAsset: {fileID: 0}
  m_GameObject: {fileID: 3119380284930782967}
  m_LocalRotation: {x: -0.22388433, y: 0.113673, z: -0.4954881, w: 0.83153224}
  m_LocalPosition: {x: 4.0820007, y: 1.637, z: -4.949997}
  m_LocalScale: {x: 0.72087246, y: 0.7208724, z: 0.7208724}
  m_ConstrainProportionsScale: 0
  m_Children: []
  m_Father: {fileID: 3119380285028610741}
  m_RootOrder: 19
  m_LocalEulerAnglesHint: {x: -4.6070004, y: 0, z: 0}
--- !u!65 &3119380284930782961
BoxCollider:
  m_ObjectHideFlags: 0
  m_CorrespondingSourceObject: {fileID: 0}
  m_PrefabInstance: {fileID: 0}
  m_PrefabAsset: {fileID: 0}
  m_GameObject: {fileID: 3119380284930782967}
  m_Material: {fileID: 0}
  m_IsTrigger: 0
  m_Enabled: 1
  serializedVersion: 2
  m_Size: {x: 0.14684956, y: 2.9228678, z: 0.5748577}
  m_Center: {x: 0, y: -0.045166373, z: -0.12998867}
--- !u!1 &3119380285002926386
GameObject:
  m_ObjectHideFlags: 0
  m_CorrespondingSourceObject: {fileID: 0}
  m_PrefabInstance: {fileID: 0}
  m_PrefabAsset: {fileID: 0}
  serializedVersion: 6
  m_Component:
  - component: {fileID: 3119380285002926381}
  - component: {fileID: 3119380285002926380}
  m_Layer: 0
  m_Name: Collider7
  m_TagString: Untagged
  m_Icon: {fileID: 0}
  m_NavMeshLayer: 0
  m_StaticEditorFlags: 0
  m_IsActive: 1
--- !u!4 &3119380285002926381
Transform:
  m_ObjectHideFlags: 0
  m_CorrespondingSourceObject: {fileID: 0}
  m_PrefabInstance: {fileID: 0}
  m_PrefabAsset: {fileID: 0}
  m_GameObject: {fileID: 3119380285002926386}
  m_LocalRotation: {x: 0.00000008146034, y: -0, z: -0, w: 1}
  m_LocalPosition: {x: -3.190628, y: 1.2098361, z: -4.055374}
  m_LocalScale: {x: 0.70375, y: 0.70374995, z: 0.70374995}
  m_ConstrainProportionsScale: 0
  m_Children: []
  m_Father: {fileID: 3119380285028610741}
  m_RootOrder: 6
  m_LocalEulerAnglesHint: {x: 0, y: 0, z: 0}
--- !u!65 &3119380285002926380
BoxCollider:
  m_ObjectHideFlags: 0
  m_CorrespondingSourceObject: {fileID: 0}
  m_PrefabInstance: {fileID: 0}
  m_PrefabAsset: {fileID: 0}
  m_GameObject: {fileID: 3119380285002926386}
  m_Material: {fileID: 0}
  m_IsTrigger: 0
  m_Enabled: 1
  serializedVersion: 2
  m_Size: {x: 1.0874813, y: 0.92567253, z: 3.7363143}
  m_Center: {x: 0, y: -0.037163734, z: 0.10587764}
--- !u!1 &3119380285013223054
GameObject:
  m_ObjectHideFlags: 0
  m_CorrespondingSourceObject: {fileID: 0}
  m_PrefabInstance: {fileID: 0}
  m_PrefabAsset: {fileID: 0}
  serializedVersion: 6
  m_Component:
  - component: {fileID: 3119380285013223049}
  - component: {fileID: 3119380285013223048}
  m_Layer: 0
  m_Name: Collider4
  m_TagString: Untagged
  m_Icon: {fileID: 0}
  m_NavMeshLayer: 0
  m_StaticEditorFlags: 0
  m_IsActive: 1
--- !u!4 &3119380285013223049
Transform:
  m_ObjectHideFlags: 0
  m_CorrespondingSourceObject: {fileID: 0}
  m_PrefabInstance: {fileID: 0}
  m_PrefabAsset: {fileID: 0}
  m_GameObject: {fileID: 3119380285013223054}
  m_LocalRotation: {x: 0.00000008146034, y: -0, z: -0, w: 1}
  m_LocalPosition: {x: 2.260994, y: -1.7118996, z: -2.8460388}
  m_LocalScale: {x: 0.6175516, y: 0.6175516, z: 0.6175516}
  m_ConstrainProportionsScale: 0
  m_Children: []
  m_Father: {fileID: 3119380285028610741}
  m_RootOrder: 3
  m_LocalEulerAnglesHint: {x: 0, y: 0, z: 0}
--- !u!65 &3119380285013223048
BoxCollider:
  m_ObjectHideFlags: 0
  m_CorrespondingSourceObject: {fileID: 0}
  m_PrefabInstance: {fileID: 0}
  m_PrefabAsset: {fileID: 0}
  m_GameObject: {fileID: 3119380285013223054}
  m_Material: {fileID: 0}
  m_IsTrigger: 0
  m_Enabled: 1
  serializedVersion: 2
  m_Size: {x: 1, y: 1, z: 2.8048668}
  m_Center: {x: 0, y: 7.2113e-17, z: -0.13104439}
--- !u!1 &3119380285028610746
GameObject:
  m_ObjectHideFlags: 0
  m_CorrespondingSourceObject: {fileID: 0}
  m_PrefabInstance: {fileID: 0}
  m_PrefabAsset: {fileID: 0}
  serializedVersion: 6
  m_Component:
  - component: {fileID: 3119380285028610741}
  m_Layer: 0
  m_Name: Collider
  m_TagString: Untagged
  m_Icon: {fileID: 0}
  m_NavMeshLayer: 0
  m_StaticEditorFlags: 0
  m_IsActive: 1
--- !u!4 &3119380285028610741
Transform:
  m_ObjectHideFlags: 0
  m_CorrespondingSourceObject: {fileID: 0}
  m_PrefabInstance: {fileID: 0}
  m_PrefabAsset: {fileID: 0}
  m_GameObject: {fileID: 3119380285028610746}
  m_LocalRotation: {x: -0.000000021855694, y: -0, z: -0, w: 1}
  m_LocalPosition: {x: 0, y: 0, z: 0}
  m_LocalScale: {x: 1, y: 1, z: 1}
  m_ConstrainProportionsScale: 0
  m_Children:
  - {fileID: 3119380285185820668}
  - {fileID: 3119380286618033443}
  - {fileID: 3119380285532538482}
  - {fileID: 3119380285013223049}
  - {fileID: 3119380285921641730}
  - {fileID: 3119380286761592392}
  - {fileID: 3119380285002926381}
  - {fileID: 3119380285761779985}
  - {fileID: 3119380285775464742}
  - {fileID: 3119380286661468730}
  - {fileID: 3119380285425350676}
  - {fileID: 3119380286305638381}
  - {fileID: 3119380285077770148}
  - {fileID: 3119380286269377063}
  - {fileID: 3119380285984511537}
  - {fileID: 3119380285426090804}
  - {fileID: 3119380285088238184}
  - {fileID: 3119380284779493270}
  - {fileID: 3119380285927838849}
  - {fileID: 3119380284930782966}
  - {fileID: 3119380286875129712}
  - {fileID: 3119380284829162610}
  - {fileID: 3119380285556085629}
  - {fileID: 3119380285451050959}
  - {fileID: 3119380286688723598}
  - {fileID: 3119380286568776626}
  - {fileID: 3119380286257421832}
  - {fileID: 3119380286335466839}
  m_Father: {fileID: 3119380286497389286}
  m_RootOrder: 0
  m_LocalEulerAnglesHint: {x: 0, y: 0, z: 0}
--- !u!1 &3119380285077770149
GameObject:
  m_ObjectHideFlags: 0
  m_CorrespondingSourceObject: {fileID: 0}
  m_PrefabInstance: {fileID: 0}
  m_PrefabAsset: {fileID: 0}
  serializedVersion: 6
  m_Component:
  - component: {fileID: 3119380285077770148}
  - component: {fileID: 3119380285077770151}
  m_Layer: 0
  m_Name: Collider13
  m_TagString: Untagged
  m_Icon: {fileID: 0}
  m_NavMeshLayer: 0
  m_StaticEditorFlags: 0
  m_IsActive: 1
--- !u!4 &3119380285077770148
Transform:
  m_ObjectHideFlags: 0
  m_CorrespondingSourceObject: {fileID: 0}
  m_PrefabInstance: {fileID: 0}
  m_PrefabAsset: {fileID: 0}
  m_GameObject: {fileID: 3119380285077770149}
  m_LocalRotation: {x: 0.000000036553597, y: 0.00000007066097, z: -0.8643813, w: 0.50283694}
  m_LocalPosition: {x: 1.2455616, y: -1.1238114, z: -2.0079956}
  m_LocalScale: {x: 0.67, y: 0.67, z: 0.67}
  m_ConstrainProportionsScale: 0
  m_Children: []
  m_Father: {fileID: 3119380285028610741}
  m_RootOrder: 12
  m_LocalEulerAnglesHint: {x: 0, y: 0, z: 0}
--- !u!65 &3119380285077770151
BoxCollider:
  m_ObjectHideFlags: 0
  m_CorrespondingSourceObject: {fileID: 0}
  m_PrefabInstance: {fileID: 0}
  m_PrefabAsset: {fileID: 0}
  m_GameObject: {fileID: 3119380285077770149}
  m_Material: {fileID: 0}
  m_IsTrigger: 0
  m_Enabled: 1
  serializedVersion: 2
  m_Size: {x: 0.26414672, y: 3.2555733, z: 1.5417309}
  m_Center: {x: 0, y: -0.026695013, z: -2.1747923}
--- !u!1 &3119380285088238185
GameObject:
  m_ObjectHideFlags: 0
  m_CorrespondingSourceObject: {fileID: 0}
  m_PrefabInstance: {fileID: 0}
  m_PrefabAsset: {fileID: 0}
  serializedVersion: 6
  m_Component:
  - component: {fileID: 3119380285088238184}
  - component: {fileID: 3119380285088238187}
  m_Layer: 0
  m_Name: Collider17
  m_TagString: Untagged
  m_Icon: {fileID: 0}
  m_NavMeshLayer: 0
  m_StaticEditorFlags: 0
  m_IsActive: 1
--- !u!4 &3119380285088238184
Transform:
  m_ObjectHideFlags: 0
  m_CorrespondingSourceObject: {fileID: 0}
  m_PrefabInstance: {fileID: 0}
  m_PrefabAsset: {fileID: 0}
  m_GameObject: {fileID: 3119380285088238185}
  m_LocalRotation: {x: -0.18020065, y: -0.30976656, z: -0.8069696, w: -0.46943864}
  m_LocalPosition: {x: -1.2455616, y: -1.1238114, z: -2.0079956}
  m_LocalScale: {x: 0.66999996, y: 0.6699999, z: 0.6700001}
  m_ConstrainProportionsScale: 0
  m_Children: []
  m_Father: {fileID: 3119380285028610741}
  m_RootOrder: 16
  m_LocalEulerAnglesHint: {x: 42, y: 0, z: 0}
--- !u!65 &3119380285088238187
BoxCollider:
  m_ObjectHideFlags: 0
  m_CorrespondingSourceObject: {fileID: 0}
  m_PrefabInstance: {fileID: 0}
  m_PrefabAsset: {fileID: 0}
  m_GameObject: {fileID: 3119380285088238185}
  m_Material: {fileID: 0}
  m_IsTrigger: 0
  m_Enabled: 1
  serializedVersion: 2
  m_Size: {x: 0.26414672, y: 1.2689642, z: 3.73}
  m_Center: {x: 0, y: -0.55046827, z: -0.5599999}
--- !u!1 &3119380285185820669
GameObject:
  m_ObjectHideFlags: 0
  m_CorrespondingSourceObject: {fileID: 0}
  m_PrefabInstance: {fileID: 0}
  m_PrefabAsset: {fileID: 0}
  serializedVersion: 6
  m_Component:
  - component: {fileID: 3119380285185820668}
  - component: {fileID: 3119380285185820671}
  m_Layer: 0
  m_Name: Collider1
  m_TagString: Untagged
  m_Icon: {fileID: 0}
  m_NavMeshLayer: 0
  m_StaticEditorFlags: 0
  m_IsActive: 1
--- !u!4 &3119380285185820668
Transform:
  m_ObjectHideFlags: 0
  m_CorrespondingSourceObject: {fileID: 0}
  m_PrefabInstance: {fileID: 0}
  m_PrefabAsset: {fileID: 0}
  m_GameObject: {fileID: 3119380285185820669}
  m_LocalRotation: {x: 0.00000008146034, y: -0, z: -0, w: 1}
  m_LocalPosition: {x: 0, y: -0.35510772, z: 0.7675781}
  m_LocalScale: {x: 1, y: 1, z: 1}
  m_ConstrainProportionsScale: 0
  m_Children: []
  m_Father: {fileID: 3119380285028610741}
  m_RootOrder: 0
  m_LocalEulerAnglesHint: {x: 0, y: 0, z: 0}
--- !u!65 &3119380285185820671
BoxCollider:
  m_ObjectHideFlags: 0
  m_CorrespondingSourceObject: {fileID: 0}
  m_PrefabInstance: {fileID: 0}
  m_PrefabAsset: {fileID: 0}
  m_GameObject: {fileID: 3119380285185820669}
  m_Material: {fileID: 0}
  m_IsTrigger: 0
  m_Enabled: 1
  serializedVersion: 2
  m_Size: {x: 1.8151102, y: 1.1136751, z: 3.4628277}
  m_Center: {x: 0, y: -0.05683756, z: -3.035327}
--- !u!1 &3119380285425350677
GameObject:
  m_ObjectHideFlags: 0
  m_CorrespondingSourceObject: {fileID: 0}
  m_PrefabInstance: {fileID: 0}
  m_PrefabAsset: {fileID: 0}
  serializedVersion: 6
  m_Component:
  - component: {fileID: 3119380285425350676}
  - component: {fileID: 3119380285425350679}
  m_Layer: 0
  m_Name: Collider11
  m_TagString: Untagged
  m_Icon: {fileID: 0}
  m_NavMeshLayer: 0
  m_StaticEditorFlags: 0
  m_IsActive: 1
--- !u!4 &3119380285425350676
Transform:
  m_ObjectHideFlags: 0
  m_CorrespondingSourceObject: {fileID: 0}
  m_PrefabInstance: {fileID: 0}
  m_PrefabAsset: {fileID: 0}
  m_GameObject: {fileID: 3119380285425350677}
  m_LocalRotation: {x: 0.00000005959166, y: 0.020873882, z: 0.0000000012441804, w: 0.99978215}
  m_LocalPosition: {x: 0.9424114, y: -0.6273419, z: 3.2189178}
  m_LocalScale: {x: 0.7201587, y: 0.7201588, z: 0.7201588}
  m_ConstrainProportionsScale: 0
  m_Children: []
  m_Father: {fileID: 3119380285028610741}
  m_RootOrder: 10
  m_LocalEulerAnglesHint: {x: 0, y: 2.3920002, z: 0}
--- !u!65 &3119380285425350679
BoxCollider:
  m_ObjectHideFlags: 0
  m_CorrespondingSourceObject: {fileID: 0}
  m_PrefabInstance: {fileID: 0}
  m_PrefabAsset: {fileID: 0}
  m_GameObject: {fileID: 3119380285425350677}
  m_Material: {fileID: 0}
  m_IsTrigger: 0
  m_Enabled: 1
  serializedVersion: 2
  m_Size: {x: 0.44078326, y: 0.36600667, z: 4.1072435}
  m_Center: {x: -0.019566415, y: 0, z: 0.0034687521}
--- !u!1 &3119380285426090805
GameObject:
  m_ObjectHideFlags: 0
  m_CorrespondingSourceObject: {fileID: 0}
  m_PrefabInstance: {fileID: 0}
  m_PrefabAsset: {fileID: 0}
  serializedVersion: 6
  m_Component:
  - component: {fileID: 3119380285426090804}
  - component: {fileID: 3119380285426090807}
  m_Layer: 0
  m_Name: Collider16
  m_TagString: Untagged
  m_Icon: {fileID: 0}
  m_NavMeshLayer: 0
  m_StaticEditorFlags: 0
  m_IsActive: 1
--- !u!4 &3119380285426090804
Transform:
  m_ObjectHideFlags: 0
  m_CorrespondingSourceObject: {fileID: 0}
  m_PrefabInstance: {fileID: 0}
  m_PrefabAsset: {fileID: 0}
  m_GameObject: {fileID: 3119380285426090805}
  m_LocalRotation: {x: -0.000000036553587, y: 0.000000070660974, z: -0.8643814, w: -0.5028368}
  m_LocalPosition: {x: -1.2455616, y: -1.1238114, z: -2.0079956}
  m_LocalScale: {x: 0.6700001, y: 0.67000014, z: 0.66999996}
  m_ConstrainProportionsScale: 0
  m_Children: []
  m_Father: {fileID: 3119380285028610741}
  m_RootOrder: 15
  m_LocalEulerAnglesHint: {x: 0, y: 0, z: 0}
--- !u!65 &3119380285426090807
BoxCollider:
  m_ObjectHideFlags: 0
  m_CorrespondingSourceObject: {fileID: 0}
  m_PrefabInstance: {fileID: 0}
  m_PrefabAsset: {fileID: 0}
  m_GameObject: {fileID: 3119380285426090805}
  m_Material: {fileID: 0}
  m_IsTrigger: 0
  m_Enabled: 1
  serializedVersion: 2
  m_Size: {x: 0.26414672, y: 3.2555733, z: 1.5417309}
  m_Center: {x: 0, y: -0.026695013, z: -2.1747923}
--- !u!1 &3119380285451050956
GameObject:
  m_ObjectHideFlags: 0
  m_CorrespondingSourceObject: {fileID: 0}
  m_PrefabInstance: {fileID: 0}
  m_PrefabAsset: {fileID: 0}
  serializedVersion: 6
  m_Component:
  - component: {fileID: 3119380285451050959}
  - component: {fileID: 3119380285451050958}
  m_Layer: 0
  m_Name: Collider24
  m_TagString: Untagged
  m_Icon: {fileID: 0}
  m_NavMeshLayer: 0
  m_StaticEditorFlags: 0
  m_IsActive: 1
--- !u!4 &3119380285451050959
Transform:
  m_ObjectHideFlags: 0
  m_CorrespondingSourceObject: {fileID: 0}
  m_PrefabInstance: {fileID: 0}
  m_PrefabAsset: {fileID: 0}
  m_GameObject: {fileID: 3119380285451050956}
  m_LocalRotation: {x: -0.19429767, y: -0.1370558, z: 0.5529207, w: 0.79858804}
  m_LocalPosition: {x: -1.4200001, y: -0.074, z: -0.08099365}
  m_LocalScale: {x: 0.8900006, y: 0.89000034, z: 0.89}
  m_ConstrainProportionsScale: 0
  m_Children: []
  m_Father: {fileID: 3119380285028610741}
  m_RootOrder: 23
  m_LocalEulerAnglesHint: {x: -4.6070004, y: 0, z: 0}
--- !u!65 &3119380285451050958
BoxCollider:
  m_ObjectHideFlags: 0
  m_CorrespondingSourceObject: {fileID: 0}
  m_PrefabInstance: {fileID: 0}
  m_PrefabAsset: {fileID: 0}
  m_GameObject: {fileID: 3119380285451050956}
  m_Material: {fileID: 0}
  m_IsTrigger: 0
  m_Enabled: 1
  serializedVersion: 2
  m_Size: {x: 0.14684956, y: 2.9228678, z: 0.5748577}
  m_Center: {x: 0, y: -0.045166373, z: -0.12998867}
--- !u!1 &3119380285532538483
GameObject:
  m_ObjectHideFlags: 0
  m_CorrespondingSourceObject: {fileID: 0}
  m_PrefabInstance: {fileID: 0}
  m_PrefabAsset: {fileID: 0}
  serializedVersion: 6
  m_Component:
  - component: {fileID: 3119380285532538482}
  - component: {fileID: 3119380285532538477}
  m_Layer: 0
  m_Name: Collider3
  m_TagString: Untagged
  m_Icon: {fileID: 0}
  m_NavMeshLayer: 0
  m_StaticEditorFlags: 0
  m_IsActive: 1
--- !u!4 &3119380285532538482
Transform:
  m_ObjectHideFlags: 0
  m_CorrespondingSourceObject: {fileID: 0}
  m_PrefabInstance: {fileID: 0}
  m_PrefabAsset: {fileID: 0}
  m_GameObject: {fileID: 3119380285532538483}
  m_LocalRotation: {x: -0.016519237, y: -0, z: -0, w: 0.9998636}
  m_LocalPosition: {x: 0, y: -0.35510772, z: 0.7675781}
  m_LocalScale: {x: 1, y: 0.99999994, z: 0.99999994}
  m_ConstrainProportionsScale: 0
  m_Children: []
  m_Father: {fileID: 3119380285028610741}
  m_RootOrder: 2
  m_LocalEulerAnglesHint: {x: -1.8930001, y: 0, z: 0}
--- !u!65 &3119380285532538477
BoxCollider:
  m_ObjectHideFlags: 0
  m_CorrespondingSourceObject: {fileID: 0}
  m_PrefabInstance: {fileID: 0}
  m_PrefabAsset: {fileID: 0}
  m_GameObject: {fileID: 3119380285532538483}
  m_Material: {fileID: 0}
  m_IsTrigger: 0
  m_Enabled: 1
  serializedVersion: 2
  m_Size: {x: 0.6438029, y: 0.36763993, z: 3.9845037}
  m_Center: {x: 0, y: 0.3722459, z: 0.68551546}
--- !u!1 &3119380285556085506
GameObject:
  m_ObjectHideFlags: 0
  m_CorrespondingSourceObject: {fileID: 0}
  m_PrefabInstance: {fileID: 0}
  m_PrefabAsset: {fileID: 0}
  serializedVersion: 6
  m_Component:
  - component: {fileID: 3119380285556085629}
  - component: {fileID: 3119380285556085628}
  m_Layer: 0
  m_Name: Collider23
  m_TagString: Untagged
  m_Icon: {fileID: 0}
  m_NavMeshLayer: 0
  m_StaticEditorFlags: 0
  m_IsActive: 1
--- !u!4 &3119380285556085629
Transform:
  m_ObjectHideFlags: 0
  m_CorrespondingSourceObject: {fileID: 0}
  m_PrefabInstance: {fileID: 0}
  m_PrefabAsset: {fileID: 0}
  m_GameObject: {fileID: 3119380285556085506}
  m_LocalRotation: {x: -0.1942976, y: 0.13705584, z: -0.55292076, w: 0.79858804}
  m_LocalPosition: {x: 1.4200001, y: -0.074, z: -0.08099365}
  m_LocalScale: {x: 0.8900001, y: 0.89000005, z: 0.8900001}
  m_ConstrainProportionsScale: 0
  m_Children: []
  m_Father: {fileID: 3119380285028610741}
  m_RootOrder: 22
  m_LocalEulerAnglesHint: {x: -4.6070004, y: 0, z: 0}
--- !u!65 &3119380285556085628
BoxCollider:
  m_ObjectHideFlags: 0
  m_CorrespondingSourceObject: {fileID: 0}
  m_PrefabInstance: {fileID: 0}
  m_PrefabAsset: {fileID: 0}
  m_GameObject: {fileID: 3119380285556085506}
  m_Material: {fileID: 0}
  m_IsTrigger: 0
  m_Enabled: 1
  serializedVersion: 2
  m_Size: {x: 0.14684956, y: 2.9228678, z: 0.5748577}
  m_Center: {x: 0, y: -0.045166373, z: -0.12998867}
--- !u!1 &3119380285761779990
GameObject:
  m_ObjectHideFlags: 0
  m_CorrespondingSourceObject: {fileID: 0}
  m_PrefabInstance: {fileID: 0}
  m_PrefabAsset: {fileID: 0}
  serializedVersion: 6
  m_Component:
  - component: {fileID: 3119380285761779985}
  - component: {fileID: 3119380285761779984}
  m_Layer: 0
  m_Name: Collider8
  m_TagString: Untagged
  m_Icon: {fileID: 0}
  m_NavMeshLayer: 0
  m_StaticEditorFlags: 0
  m_IsActive: 1
--- !u!4 &3119380285761779985
Transform:
  m_ObjectHideFlags: 0
  m_CorrespondingSourceObject: {fileID: 0}
  m_PrefabInstance: {fileID: 0}
  m_PrefabAsset: {fileID: 0}
  m_GameObject: {fileID: 3119380285761779990}
  m_LocalRotation: {x: 0.00000008146034, y: -0, z: -0, w: 1}
  m_LocalPosition: {x: 2.260994, y: -1.7119021, z: -4.1144104}
  m_LocalScale: {x: 0.46270242, y: 0.46270186, z: 0.46270186}
  m_ConstrainProportionsScale: 0
  m_Children: []
  m_Father: {fileID: 3119380285028610741}
  m_RootOrder: 7
  m_LocalEulerAnglesHint: {x: 0, y: 0, z: 0}
--- !u!65 &3119380285761779984
BoxCollider:
  m_ObjectHideFlags: 0
  m_CorrespondingSourceObject: {fileID: 0}
  m_PrefabInstance: {fileID: 0}
  m_PrefabAsset: {fileID: 0}
  m_GameObject: {fileID: 3119380285761779990}
  m_Material: {fileID: 0}
  m_IsTrigger: 0
  m_Enabled: 1
  serializedVersion: 2
  m_Size: {x: 1.25, y: 1.25, z: 1.1412239}
  m_Center: {x: 0, y: -6.0850847e-18, z: -0.010450363}
--- !u!1 &3119380285775464743
GameObject:
  m_ObjectHideFlags: 0
  m_CorrespondingSourceObject: {fileID: 0}
  m_PrefabInstance: {fileID: 0}
  m_PrefabAsset: {fileID: 0}
  serializedVersion: 6
  m_Component:
  - component: {fileID: 3119380285775464742}
  - component: {fileID: 3119380285775464737}
  m_Layer: 0
  m_Name: Collider9
  m_TagString: Untagged
  m_Icon: {fileID: 0}
  m_NavMeshLayer: 0
  m_StaticEditorFlags: 0
  m_IsActive: 1
--- !u!4 &3119380285775464742
Transform:
  m_ObjectHideFlags: 0
  m_CorrespondingSourceObject: {fileID: 0}
  m_PrefabInstance: {fileID: 0}
  m_PrefabAsset: {fileID: 0}
  m_GameObject: {fileID: 3119380285775464743}
  m_LocalRotation: {x: 0.00000008146034, y: -0, z: -0, w: 1}
  m_LocalPosition: {x: 0, y: -0.42730987, z: -4.6465607}
  m_LocalScale: {x: 0.8541423, y: 0.8541422, z: 0.8541422}
  m_ConstrainProportionsScale: 0
  m_Children: []
  m_Father: {fileID: 3119380285028610741}
  m_RootOrder: 8
  m_LocalEulerAnglesHint: {x: 0, y: 0, z: 0}
--- !u!65 &3119380285775464737
BoxCollider:
  m_ObjectHideFlags: 0
  m_CorrespondingSourceObject: {fileID: 0}
  m_PrefabInstance: {fileID: 0}
  m_PrefabAsset: {fileID: 0}
  m_GameObject: {fileID: 3119380285775464743}
  m_Material: {fileID: 0}
  m_IsTrigger: 0
  m_Enabled: 1
  serializedVersion: 2
  m_Size: {x: 1.25, y: 1.25, z: 1.1412239}
  m_Center: {x: 0, y: -6.0850847e-18, z: -0.010450363}
--- !u!1 &3119380285921641731
GameObject:
  m_ObjectHideFlags: 0
  m_CorrespondingSourceObject: {fileID: 0}
  m_PrefabInstance: {fileID: 0}
  m_PrefabAsset: {fileID: 0}
  serializedVersion: 6
  m_Component:
  - component: {fileID: 3119380285921641730}
  - component: {fileID: 3119380285921641853}
  m_Layer: 0
  m_Name: Collider5
  m_TagString: Untagged
  m_Icon: {fileID: 0}
  m_NavMeshLayer: 0
  m_StaticEditorFlags: 0
  m_IsActive: 1
--- !u!4 &3119380285921641730
Transform:
  m_ObjectHideFlags: 0
  m_CorrespondingSourceObject: {fileID: 0}
  m_PrefabInstance: {fileID: 0}
  m_PrefabAsset: {fileID: 0}
  m_GameObject: {fileID: 3119380285921641731}
  m_LocalRotation: {x: 0.00000008146034, y: -0, z: -0, w: 1}
  m_LocalPosition: {x: -2.2609959, y: -1.7118996, z: -2.8460388}
  m_LocalScale: {x: 0.61755, y: 0.61754996, z: 0.61754996}
  m_ConstrainProportionsScale: 0
  m_Children: []
  m_Father: {fileID: 3119380285028610741}
  m_RootOrder: 4
  m_LocalEulerAnglesHint: {x: 0, y: 0, z: 0}
--- !u!65 &3119380285921641853
BoxCollider:
  m_ObjectHideFlags: 0
  m_CorrespondingSourceObject: {fileID: 0}
  m_PrefabInstance: {fileID: 0}
  m_PrefabAsset: {fileID: 0}
  m_GameObject: {fileID: 3119380285921641731}
  m_Material: {fileID: 0}
  m_IsTrigger: 0
  m_Enabled: 1
  serializedVersion: 2
  m_Size: {x: 1, y: 1, z: 2.8048668}
  m_Center: {x: 0, y: 7.2113e-17, z: -0.13104439}
--- !u!1 &3119380285927838854
GameObject:
  m_ObjectHideFlags: 0
  m_CorrespondingSourceObject: {fileID: 0}
  m_PrefabInstance: {fileID: 0}
  m_PrefabAsset: {fileID: 0}
  serializedVersion: 6
  m_Component:
  - component: {fileID: 3119380285927838849}
  - component: {fileID: 3119380285927838848}
  m_Layer: 0
  m_Name: Collider19
  m_TagString: Untagged
  m_Icon: {fileID: 0}
  m_NavMeshLayer: 0
  m_StaticEditorFlags: 0
  m_IsActive: 1
--- !u!4 &3119380285927838849
Transform:
  m_ObjectHideFlags: 0
  m_CorrespondingSourceObject: {fileID: 0}
  m_PrefabInstance: {fileID: 0}
  m_PrefabAsset: {fileID: 0}
  m_GameObject: {fileID: 3119380285927838854}
  m_LocalRotation: {x: -0.20637487, y: 0.25110927, z: -0.75605303, w: 0.56809986}
  m_LocalPosition: {x: 2.8079987, y: -1.883, z: -3.7440033}
  m_LocalScale: {x: 0.3587585, y: 0.3587585, z: 0.3587585}
  m_ConstrainProportionsScale: 0
  m_Children: []
  m_Father: {fileID: 3119380285028610741}
  m_RootOrder: 18
  m_LocalEulerAnglesHint: {x: -4.6070004, y: 0, z: 0}
--- !u!65 &3119380285927838848
BoxCollider:
  m_ObjectHideFlags: 0
  m_CorrespondingSourceObject: {fileID: 0}
  m_PrefabInstance: {fileID: 0}
  m_PrefabAsset: {fileID: 0}
  m_GameObject: {fileID: 3119380285927838854}
  m_Material: {fileID: 0}
  m_IsTrigger: 0
  m_Enabled: 1
  serializedVersion: 2
  m_Size: {x: 0.14684956, y: 2.9228678, z: 0.5748577}
  m_Center: {x: 0, y: -0.045166373, z: -0.12998867}
--- !u!1 &3119380285984511542
GameObject:
  m_ObjectHideFlags: 0
  m_CorrespondingSourceObject: {fileID: 0}
  m_PrefabInstance: {fileID: 0}
  m_PrefabAsset: {fileID: 0}
  serializedVersion: 6
  m_Component:
  - component: {fileID: 3119380285984511537}
  - component: {fileID: 3119380285984511536}
  m_Layer: 0
  m_Name: Collider15
  m_TagString: Untagged
  m_Icon: {fileID: 0}
  m_NavMeshLayer: 0
  m_StaticEditorFlags: 0
  m_IsActive: 1
--- !u!4 &3119380285984511537
Transform:
  m_ObjectHideFlags: 0
  m_CorrespondingSourceObject: {fileID: 0}
  m_PrefabInstance: {fileID: 0}
  m_PrefabAsset: {fileID: 0}
  m_GameObject: {fileID: 3119380285984511542}
  m_LocalRotation: {x: 0.000000036553597, y: 0.00000007066097, z: -0.8643813, w: 0.50283694}
  m_LocalPosition: {x: 1.2455616, y: -1.1238114, z: -2.0079956}
  m_LocalScale: {x: 0.67, y: 0.67, z: 0.67}
  m_ConstrainProportionsScale: 0
  m_Children: []
  m_Father: {fileID: 3119380285028610741}
  m_RootOrder: 14
  m_LocalEulerAnglesHint: {x: 0, y: 0, z: 0}
--- !u!65 &3119380285984511536
BoxCollider:
  m_ObjectHideFlags: 0
  m_CorrespondingSourceObject: {fileID: 0}
  m_PrefabInstance: {fileID: 0}
  m_PrefabAsset: {fileID: 0}
  m_GameObject: {fileID: 3119380285984511542}
  m_Material: {fileID: 0}
  m_IsTrigger: 0
  m_Enabled: 1
  serializedVersion: 2
  m_Size: {x: 0.26414672, y: 1.050695, z: 4.3737807}
  m_Center: {x: 0, y: -1.1291342, z: -0.75876737}
--- !u!1 &3119380286257421833
GameObject:
  m_ObjectHideFlags: 0
  m_CorrespondingSourceObject: {fileID: 0}
  m_PrefabInstance: {fileID: 0}
  m_PrefabAsset: {fileID: 0}
  serializedVersion: 6
  m_Component:
  - component: {fileID: 3119380286257421832}
  - component: {fileID: 3119380286257421835}
  m_Layer: 0
  m_Name: Collider27
  m_TagString: Untagged
  m_Icon: {fileID: 0}
  m_NavMeshLayer: 0
  m_StaticEditorFlags: 0
  m_IsActive: 1
--- !u!4 &3119380286257421832
Transform:
  m_ObjectHideFlags: 0
  m_CorrespondingSourceObject: {fileID: 0}
  m_PrefabInstance: {fileID: 0}
  m_PrefabAsset: {fileID: 0}
  m_GameObject: {fileID: 3119380286257421833}
  m_LocalRotation: {x: -0.24516137, y: -0.1415439, z: 0.47954664, w: 0.83059996}
  m_LocalPosition: {x: -1.8330002, y: 0.416, z: -3.4369965}
  m_LocalScale: {x: 1.11071, y: 1.11071, z: 1.11071}
  m_ConstrainProportionsScale: 0
  m_Children: []
  m_Father: {fileID: 3119380285028610741}
  m_RootOrder: 26
  m_LocalEulerAnglesHint: {x: -4.6070004, y: 0, z: 0}
--- !u!65 &3119380286257421835
BoxCollider:
  m_ObjectHideFlags: 0
  m_CorrespondingSourceObject: {fileID: 0}
  m_PrefabInstance: {fileID: 0}
  m_PrefabAsset: {fileID: 0}
  m_GameObject: {fileID: 3119380286257421833}
  m_Material: {fileID: 0}
  m_IsTrigger: 0
  m_Enabled: 1
  serializedVersion: 2
  m_Size: {x: 0.14684956, y: 2.9228678, z: 0.5748577}
  m_Center: {x: 0, y: -0.045166373, z: -0.12998867}
--- !u!1 &3119380286269377060
GameObject:
  m_ObjectHideFlags: 0
  m_CorrespondingSourceObject: {fileID: 0}
  m_PrefabInstance: {fileID: 0}
  m_PrefabAsset: {fileID: 0}
  serializedVersion: 6
  m_Component:
  - component: {fileID: 3119380286269377063}
  - component: {fileID: 3119380286269377062}
  m_Layer: 0
  m_Name: Collider14
  m_TagString: Untagged
  m_Icon: {fileID: 0}
  m_NavMeshLayer: 0
  m_StaticEditorFlags: 0
  m_IsActive: 1
--- !u!4 &3119380286269377063
Transform:
  m_ObjectHideFlags: 0
  m_CorrespondingSourceObject: {fileID: 0}
  m_PrefabInstance: {fileID: 0}
  m_PrefabAsset: {fileID: 0}
  m_GameObject: {fileID: 3119380286269377060}
  m_LocalRotation: {x: 0.1802007, y: -0.30976653, z: -0.8069695, w: 0.46943873}
  m_LocalPosition: {x: 1.2455616, y: -1.1238114, z: -2.0079956}
  m_LocalScale: {x: 0.66999996, y: 0.66999996, z: 0.67}
  m_ConstrainProportionsScale: 0
  m_Children: []
  m_Father: {fileID: 3119380285028610741}
  m_RootOrder: 13
  m_LocalEulerAnglesHint: {x: 42, y: 0, z: 0}
--- !u!65 &3119380286269377062
BoxCollider:
  m_ObjectHideFlags: 0
  m_CorrespondingSourceObject: {fileID: 0}
  m_PrefabInstance: {fileID: 0}
  m_PrefabAsset: {fileID: 0}
  m_GameObject: {fileID: 3119380286269377060}
  m_Material: {fileID: 0}
  m_IsTrigger: 0
  m_Enabled: 1
  serializedVersion: 2
  m_Size: {x: 0.26414672, y: 1.2689642, z: 3.73}
  m_Center: {x: 0, y: -0.55046827, z: -0.5599999}
--- !u!1 &3119380286305638386
GameObject:
  m_ObjectHideFlags: 0
  m_CorrespondingSourceObject: {fileID: 0}
  m_PrefabInstance: {fileID: 0}
  m_PrefabAsset: {fileID: 0}
  serializedVersion: 6
  m_Component:
  - component: {fileID: 3119380286305638381}
  - component: {fileID: 3119380286305638380}
  m_Layer: 0
  m_Name: Collider12
  m_TagString: Untagged
  m_Icon: {fileID: 0}
  m_NavMeshLayer: 0
  m_StaticEditorFlags: 0
  m_IsActive: 1
--- !u!4 &3119380286305638381
Transform:
  m_ObjectHideFlags: 0
  m_CorrespondingSourceObject: {fileID: 0}
  m_PrefabInstance: {fileID: 0}
  m_PrefabAsset: {fileID: 0}
  m_GameObject: {fileID: 3119380286305638386}
  m_LocalRotation: {x: 0.00000008144259, y: -0.02087257, z: -0.0000000017002868, w: 0.99978215}
  m_LocalPosition: {x: -0.9424114, y: -0.6273419, z: 3.2189178}
  m_LocalScale: {x: 0.72016, y: 0.72016, z: 0.72016}
  m_ConstrainProportionsScale: 0
  m_Children: []
  m_Father: {fileID: 3119380285028610741}
  m_RootOrder: 11
  m_LocalEulerAnglesHint: {x: 0, y: -2.392, z: 0}
--- !u!65 &3119380286305638380
BoxCollider:
  m_ObjectHideFlags: 0
  m_CorrespondingSourceObject: {fileID: 0}
  m_PrefabInstance: {fileID: 0}
  m_PrefabAsset: {fileID: 0}
  m_GameObject: {fileID: 3119380286305638386}
  m_Material: {fileID: 0}
  m_IsTrigger: 0
  m_Enabled: 1
  serializedVersion: 2
  m_Size: {x: 0.44078326, y: 0.36600667, z: 4.1072435}
  m_Center: {x: 0.01956641, y: 0, z: 0.0034687521}
--- !u!1 &3119380286335466836
GameObject:
  m_ObjectHideFlags: 0
  m_CorrespondingSourceObject: {fileID: 0}
  m_PrefabInstance: {fileID: 0}
  m_PrefabAsset: {fileID: 0}
  serializedVersion: 6
  m_Component:
  - component: {fileID: 3119380286335466839}
  - component: {fileID: 3119380286335466838}
  m_Layer: 0
  m_Name: Collider28
  m_TagString: Untagged
  m_Icon: {fileID: 0}
  m_NavMeshLayer: 0
  m_StaticEditorFlags: 0
  m_IsActive: 1
--- !u!4 &3119380286335466839
Transform:
  m_ObjectHideFlags: 0
  m_CorrespondingSourceObject: {fileID: 0}
  m_PrefabInstance: {fileID: 0}
  m_PrefabAsset: {fileID: 0}
  m_GameObject: {fileID: 3119380286335466836}
  m_LocalRotation: {x: -0.22388437, y: -0.11367299, z: 0.49548805, w: 0.83153224}
  m_LocalPosition: {x: -4.0820007, y: 1.637, z: -4.949997}
  m_LocalScale: {x: 0.7208701, y: 0.72087, z: 0.7208701}
  m_ConstrainProportionsScale: 0
  m_Children: []
  m_Father: {fileID: 3119380285028610741}
  m_RootOrder: 27
  m_LocalEulerAnglesHint: {x: -4.6070004, y: 0, z: 0}
--- !u!65 &3119380286335466838
BoxCollider:
  m_ObjectHideFlags: 0
  m_CorrespondingSourceObject: {fileID: 0}
  m_PrefabInstance: {fileID: 0}
  m_PrefabAsset: {fileID: 0}
  m_GameObject: {fileID: 3119380286335466836}
  m_Material: {fileID: 0}
  m_IsTrigger: 0
  m_Enabled: 1
  serializedVersion: 2
  m_Size: {x: 0.14684956, y: 2.9228678, z: 0.5748577}
  m_Center: {x: 0, y: -0.045166373, z: -0.12998867}
--- !u!1 &3119380286497389281
GameObject:
  m_ObjectHideFlags: 0
  m_CorrespondingSourceObject: {fileID: 0}
  m_PrefabInstance: {fileID: 0}
  m_PrefabAsset: {fileID: 0}
  serializedVersion: 6
  m_Component:
  - component: {fileID: 3119380286497389286}
  - component: {fileID: 3119380286497389277}
  - component: {fileID: 3119380286497389282}
  - component: {fileID: 3119380286497389283}
  - component: {fileID: 3119380286497389280}
  m_Layer: 0
  m_Name: Enemy1
  m_TagString: Untagged
  m_Icon: {fileID: 0}
  m_NavMeshLayer: 0
  m_StaticEditorFlags: 0
  m_IsActive: 1
--- !u!4 &3119380286497389286
Transform:
  m_ObjectHideFlags: 0
  m_CorrespondingSourceObject: {fileID: 0}
  m_PrefabInstance: {fileID: 0}
  m_PrefabAsset: {fileID: 0}
  m_GameObject: {fileID: 3119380286497389281}
  m_LocalRotation: {x: 0, y: -0.6643019, z: 0, w: 0.7474644}
  m_LocalPosition: {x: 224.4, y: 5.5, z: 144.7}
  m_LocalScale: {x: 2, y: 2, z: 2}
  m_ConstrainProportionsScale: 0
  m_Children:
  - {fileID: 3119380285028610741}
  m_Father: {fileID: 0}
  m_RootOrder: 0
  m_LocalEulerAnglesHint: {x: 0, y: 0, z: 0}
--- !u!33 &3119380286497389277
MeshFilter:
  m_ObjectHideFlags: 0
  m_CorrespondingSourceObject: {fileID: 0}
  m_PrefabInstance: {fileID: 0}
  m_PrefabAsset: {fileID: 0}
  m_GameObject: {fileID: 3119380286497389281}
  m_Mesh: {fileID: 721608799864582647, guid: d32d4a735694a9f4f97a42117a1f919c, type: 3}
--- !u!23 &3119380286497389282
MeshRenderer:
  m_ObjectHideFlags: 0
  m_CorrespondingSourceObject: {fileID: 0}
  m_PrefabInstance: {fileID: 0}
  m_PrefabAsset: {fileID: 0}
  m_GameObject: {fileID: 3119380286497389281}
  m_Enabled: 1
  m_CastShadows: 1
  m_ReceiveShadows: 1
  m_DynamicOccludee: 1
  m_StaticShadowCaster: 0
  m_MotionVectors: 1
  m_LightProbeUsage: 1
  m_ReflectionProbeUsage: 1
  m_RayTracingMode: 2
  m_RayTraceProcedural: 0
  m_RenderingLayerMask: 1
  m_RendererPriority: 0
  m_Materials:
  - {fileID: 2100000, guid: d58bf68b17f9a4240aaeb5c200c9a12c, type: 2}
  m_StaticBatchInfo:
    firstSubMesh: 0
    subMeshCount: 0
  m_StaticBatchRoot: {fileID: 0}
  m_ProbeAnchor: {fileID: 0}
  m_LightProbeVolumeOverride: {fileID: 0}
  m_ScaleInLightmap: 1
  m_ReceiveGI: 1
  m_PreserveUVs: 0
  m_IgnoreNormalsForChartDetection: 0
  m_ImportantGI: 0
  m_StitchLightmapSeams: 0
  m_SelectedEditorRenderState: 3
  m_MinimumChartSize: 4
  m_AutoUVMaxDistance: 0.5
  m_AutoUVMaxAngle: 89
  m_LightmapParameters: {fileID: 0}
  m_SortingLayerID: 0
  m_SortingLayer: 0
  m_SortingOrder: 0
  m_AdditionalVertexStreams: {fileID: 0}
--- !u!114 &3119380286497389283
MonoBehaviour:
  m_ObjectHideFlags: 0
  m_CorrespondingSourceObject: {fileID: 0}
  m_PrefabInstance: {fileID: 0}
  m_PrefabAsset: {fileID: 0}
  m_GameObject: {fileID: 3119380286497389281}
  m_Enabled: 1
  m_EditorHideFlags: 0
  m_Script: {fileID: 11500000, guid: cd661b627d4467740b7fc1d64fefe060, type: 3}
  m_Name: 
  m_EditorClassIdentifier: 
  deathVFX: {fileID: 4242375505198878459, guid: 4ef2d4817234d4447be058630ce36add, type: 3}
  hitVFX: {fileID: 4242375505198878459, guid: 8296c27d402b27b42813f9b0adf4535c, type: 3}
  killScore: 1000
  hitScore: 50
  health: 40
  safetyDestructionOffset: 0.5
--- !u!95 &3119380286497389280
Animator:
  serializedVersion: 5
  m_ObjectHideFlags: 0
  m_CorrespondingSourceObject: {fileID: 0}
  m_PrefabInstance: {fileID: 0}
  m_PrefabAsset: {fileID: 0}
  m_GameObject: {fileID: 3119380286497389281}
  m_Enabled: 1
  m_Avatar: {fileID: 0}
  m_Controller: {fileID: 0}
  m_CullingMode: 0
  m_UpdateMode: 0
  m_ApplyRootMotion: 0
  m_LinearVelocityBlending: 0
  m_StabilizeFeet: 0
  m_WarningMessage: 
  m_HasTransformHierarchy: 1
  m_AllowConstantClipSamplingOptimization: 1
  m_KeepAnimatorStateOnDisable: 0
--- !u!1 &3119380286568776627
GameObject:
  m_ObjectHideFlags: 0
  m_CorrespondingSourceObject: {fileID: 0}
  m_PrefabInstance: {fileID: 0}
  m_PrefabAsset: {fileID: 0}
  serializedVersion: 6
  m_Component:
  - component: {fileID: 3119380286568776626}
  - component: {fileID: 3119380286568776621}
  m_Layer: 0
  m_Name: Collider26
  m_TagString: Untagged
  m_Icon: {fileID: 0}
  m_NavMeshLayer: 0
  m_StaticEditorFlags: 0
  m_IsActive: 1
--- !u!4 &3119380286568776626
Transform:
  m_ObjectHideFlags: 0
  m_CorrespondingSourceObject: {fileID: 0}
  m_PrefabInstance: {fileID: 0}
  m_PrefabAsset: {fileID: 0}
  m_GameObject: {fileID: 3119380286568776627}
  m_LocalRotation: {x: 0.04068384, y: 0.08485933, z: -0.32127544, w: -0.94229823}
  m_LocalPosition: {x: -0.83200073, y: 0.519, z: -3.7949982}
  m_LocalScale: {x: 0.43795997, y: 0.43796003, z: 0.43796}
  m_ConstrainProportionsScale: 0
  m_Children: []
  m_Father: {fileID: 3119380285028610741}
  m_RootOrder: 25
  m_LocalEulerAnglesHint: {x: -4.6070004, y: 0, z: 0}
--- !u!65 &3119380286568776621
BoxCollider:
  m_ObjectHideFlags: 0
  m_CorrespondingSourceObject: {fileID: 0}
  m_PrefabInstance: {fileID: 0}
  m_PrefabAsset: {fileID: 0}
  m_GameObject: {fileID: 3119380286568776627}
  m_Material: {fileID: 0}
  m_IsTrigger: 0
  m_Enabled: 1
  serializedVersion: 2
  m_Size: {x: 0.14684956, y: 2.9228678, z: 0.5748577}
  m_Center: {x: 0, y: -0.045166373, z: -0.12998867}
--- !u!1 &3119380286618033440
GameObject:
  m_ObjectHideFlags: 0
  m_CorrespondingSourceObject: {fileID: 0}
  m_PrefabInstance: {fileID: 0}
  m_PrefabAsset: {fileID: 0}
  serializedVersion: 6
  m_Component:
  - component: {fileID: 3119380286618033443}
  - component: {fileID: 3119380286618033442}
  m_Layer: 0
  m_Name: Collider2
  m_TagString: Untagged
  m_Icon: {fileID: 0}
  m_NavMeshLayer: 0
  m_StaticEditorFlags: 0
  m_IsActive: 1
--- !u!4 &3119380286618033443
Transform:
  m_ObjectHideFlags: 0
  m_CorrespondingSourceObject: {fileID: 0}
  m_PrefabInstance: {fileID: 0}
  m_PrefabAsset: {fileID: 0}
  m_GameObject: {fileID: 3119380286618033440}
  m_LocalRotation: {x: -0.016519237, y: -0, z: -0, w: 0.9998636}
  m_LocalPosition: {x: 0, y: -0.35510772, z: 0.7675781}
  m_LocalScale: {x: 1, y: 1, z: 1}
  m_ConstrainProportionsScale: 0
  m_Children: []
  m_Father: {fileID: 3119380285028610741}
  m_RootOrder: 1
  m_LocalEulerAnglesHint: {x: -1.8930001, y: 0, z: 0}
--- !u!65 &3119380286618033442
BoxCollider:
  m_ObjectHideFlags: 0
  m_CorrespondingSourceObject: {fileID: 0}
  m_PrefabInstance: {fileID: 0}
  m_PrefabAsset: {fileID: 0}
  m_GameObject: {fileID: 3119380286618033440}
  m_Material: {fileID: 0}
  m_IsTrigger: 0
  m_Enabled: 1
  serializedVersion: 2
  m_Size: {x: 1.1280515, y: 0.71514803, z: 5.757826}
  m_Center: {x: 0, y: -0.13213134, z: 1.5574371}
--- !u!1 &3119380286661468731
GameObject:
  m_ObjectHideFlags: 0
  m_CorrespondingSourceObject: {fileID: 0}
  m_PrefabInstance: {fileID: 0}
  m_PrefabAsset: {fileID: 0}
  serializedVersion: 6
  m_Component:
  - component: {fileID: 3119380286661468730}
  - component: {fileID: 3119380286661468725}
  m_Layer: 0
  m_Name: Collider10
  m_TagString: Untagged
  m_Icon: {fileID: 0}
  m_NavMeshLayer: 0
  m_StaticEditorFlags: 0
  m_IsActive: 1
--- !u!4 &3119380286661468730
Transform:
  m_ObjectHideFlags: 0
  m_CorrespondingSourceObject: {fileID: 0}
  m_PrefabInstance: {fileID: 0}
  m_PrefabAsset: {fileID: 0}
  m_GameObject: {fileID: 3119380286661468731}
  m_LocalRotation: {x: 0.00000008146034, y: -0, z: -0, w: 1}
  m_LocalPosition: {x: -2.2609901, y: -1.7119021, z: -4.1144104}
  m_LocalScale: {x: 0.46270242, y: 0.46270186, z: 0.46270186}
  m_ConstrainProportionsScale: 0
  m_Children: []
  m_Father: {fileID: 3119380285028610741}
  m_RootOrder: 9
  m_LocalEulerAnglesHint: {x: 0, y: 0, z: 0}
--- !u!65 &3119380286661468725
BoxCollider:
  m_ObjectHideFlags: 0
  m_CorrespondingSourceObject: {fileID: 0}
  m_PrefabInstance: {fileID: 0}
  m_PrefabAsset: {fileID: 0}
  m_GameObject: {fileID: 3119380286661468731}
  m_Material: {fileID: 0}
  m_IsTrigger: 0
  m_Enabled: 1
  serializedVersion: 2
  m_Size: {x: 1.25, y: 1.25, z: 1.1412239}
  m_Center: {x: 0, y: -6.0850847e-18, z: -0.010450363}
--- !u!1 &3119380286688723599
GameObject:
  m_ObjectHideFlags: 0
  m_CorrespondingSourceObject: {fileID: 0}
  m_PrefabInstance: {fileID: 0}
  m_PrefabAsset: {fileID: 0}
  serializedVersion: 6
  m_Component:
  - component: {fileID: 3119380286688723598}
  - component: {fileID: 3119380286688723593}
  m_Layer: 0
  m_Name: Collider25
  m_TagString: Untagged
  m_Icon: {fileID: 0}
  m_NavMeshLayer: 0
  m_StaticEditorFlags: 0
  m_IsActive: 1
--- !u!4 &3119380286688723598
Transform:
  m_ObjectHideFlags: 0
  m_CorrespondingSourceObject: {fileID: 0}
  m_PrefabInstance: {fileID: 0}
  m_PrefabAsset: {fileID: 0}
  m_GameObject: {fileID: 3119380286688723599}
  m_LocalRotation: {x: 0.20637487, y: 0.2511093, z: -0.756053, w: -0.56809986}
  m_LocalPosition: {x: -2.8080006, y: -1.883, z: -3.7440033}
  m_LocalScale: {x: 0.35876012, y: 0.35876018, z: 0.35876006}
  m_ConstrainProportionsScale: 0
  m_Children: []
  m_Father: {fileID: 3119380285028610741}
  m_RootOrder: 24
  m_LocalEulerAnglesHint: {x: -4.6070004, y: 0, z: 0}
--- !u!65 &3119380286688723593
BoxCollider:
  m_ObjectHideFlags: 0
  m_CorrespondingSourceObject: {fileID: 0}
  m_PrefabInstance: {fileID: 0}
  m_PrefabAsset: {fileID: 0}
  m_GameObject: {fileID: 3119380286688723599}
  m_Material: {fileID: 0}
  m_IsTrigger: 0
  m_Enabled: 1
  serializedVersion: 2
  m_Size: {x: 0.14684956, y: 2.9228678, z: 0.5748577}
  m_Center: {x: 0, y: -0.045166373, z: -0.12998867}
--- !u!1 &3119380286761592393
GameObject:
  m_ObjectHideFlags: 0
  m_CorrespondingSourceObject: {fileID: 0}
  m_PrefabInstance: {fileID: 0}
  m_PrefabAsset: {fileID: 0}
  serializedVersion: 6
  m_Component:
  - component: {fileID: 3119380286761592392}
  - component: {fileID: 3119380286761592395}
  m_Layer: 0
  m_Name: Collider6
  m_TagString: Untagged
  m_Icon: {fileID: 0}
  m_NavMeshLayer: 0
  m_StaticEditorFlags: 0
  m_IsActive: 1
--- !u!4 &3119380286761592392
Transform:
  m_ObjectHideFlags: 0
  m_CorrespondingSourceObject: {fileID: 0}
  m_PrefabInstance: {fileID: 0}
  m_PrefabAsset: {fileID: 0}
  m_GameObject: {fileID: 3119380286761592393}
  m_LocalRotation: {x: 0.00000008146034, y: -0, z: -0, w: 1}
  m_LocalPosition: {x: 3.190628, y: 1.2098361, z: -4.055374}
  m_LocalScale: {x: 0.70374876, y: 0.7037486, z: 0.7037486}
  m_ConstrainProportionsScale: 0
  m_Children: []
  m_Father: {fileID: 3119380285028610741}
  m_RootOrder: 5
  m_LocalEulerAnglesHint: {x: 0, y: 0, z: 0}
--- !u!65 &3119380286761592395
BoxCollider:
  m_ObjectHideFlags: 0
  m_CorrespondingSourceObject: {fileID: 0}
  m_PrefabInstance: {fileID: 0}
  m_PrefabAsset: {fileID: 0}
  m_GameObject: {fileID: 3119380286761592393}
  m_Material: {fileID: 0}
  m_IsTrigger: 0
  m_Enabled: 1
  serializedVersion: 2
  m_Size: {x: 1.0874813, y: 0.92567253, z: 3.7363143}
  m_Center: {x: 0, y: -0.037163734, z: 0.10587764}
--- !u!1 &3119380286875129713
GameObject:
  m_ObjectHideFlags: 0
  m_CorrespondingSourceObject: {fileID: 0}
  m_PrefabInstance: {fileID: 0}
  m_PrefabAsset: {fileID: 0}
  serializedVersion: 6
  m_Component:
  - component: {fileID: 3119380286875129712}
  - component: {fileID: 3119380286875129715}
  m_Layer: 0
  m_Name: Collider21
  m_TagString: Untagged
  m_Icon: {fileID: 0}
  m_NavMeshLayer: 0
  m_StaticEditorFlags: 0
  m_IsActive: 1
--- !u!4 &3119380286875129712
Transform:
  m_ObjectHideFlags: 0
  m_CorrespondingSourceObject: {fileID: 0}
  m_PrefabInstance: {fileID: 0}
  m_PrefabAsset: {fileID: 0}
  m_GameObject: {fileID: 3119380286875129713}
  m_LocalRotation: {x: -0.2451613, y: 0.14154391, z: -0.47954676, w: 0.83059996}
  m_LocalPosition: {x: 1.8330002, y: 0.416, z: -3.4369965}
  m_LocalScale: {x: 1.1107106, y: 1.1107107, z: 1.110711}
  m_ConstrainProportionsScale: 0
  m_Children: []
  m_Father: {fileID: 3119380285028610741}
  m_RootOrder: 20
  m_LocalEulerAnglesHint: {x: -4.6070004, y: 0, z: 0}
--- !u!65 &3119380286875129715
BoxCollider:
  m_ObjectHideFlags: 0
  m_CorrespondingSourceObject: {fileID: 0}
  m_PrefabInstance: {fileID: 0}
  m_PrefabAsset: {fileID: 0}
  m_GameObject: {fileID: 3119380286875129713}
  m_Material: {fileID: 0}
  m_IsTrigger: 0
  m_Enabled: 1
  serializedVersion: 2
  m_Size: {x: 0.14684956, y: 2.9228678, z: 0.5748577}
  m_Center: {x: 0, y: -0.045166373, z: -0.12998867}
